<record><leader>00000cas a2200000 a 4500</leader><controlfield tag="001">33600612</controlfield><controlfield tag="008">951120d1986198ufludn ne      0    0eng c</controlfield><datafield ind1=" " ind2=" " tag="010"><subfield code="a">sn 95047328 </subfield></datafield><datafield ind1=" " ind2=" " tag="040"><subfield code="a">FUG</subfield><subfield code="b">eng</subfield><subfield code="c">FUG</subfield><subfield code="d">OCLCQ</subfield><subfield code="d">OCLCF</subfield><subfield code="d">OCLCO</subfield></datafield><datafield ind1=" " ind2=" " tag="012"><subfield code="i">9511</subfield></datafield><datafield ind1="1" ind2=" " tag="029"><subfield code="a">AU@</subfield><subfield code="b">000025891368</subfield></datafield><datafield ind1=" " ind2=" " tag="042"><subfield code="a">pcc</subfield></datafield><datafield ind1=" " ind2=" " tag="043"><subfield code="a">n-us-fl</subfield></datafield><datafield ind1="0" ind2="0" tag="245"><subfield code="a">Charlotte herald-news.</subfield></datafield><datafield ind1=" " ind2=" " tag="260"><subfield code="a">Port Charlotte ;</subfield><subfield code="a">Punta Gorda, Fla. :</subfield><subfield code="b">Punta Gorda Herald</subfield></datafield><datafield ind1=" " ind2=" " tag="300"><subfield code="a">v.</subfield></datafield><datafield ind1=" " ind2=" " tag="310"><subfield code="a">Daily (except Sunday)</subfield></datafield><datafield ind1="1" ind2=" " tag="362"><subfield code="a">Began Feb. 12, 1986.</subfield></datafield><datafield ind1=" " ind2=" " tag="588"><subfield code="a">Description based on: 93rd year, no. 37 (Feb. 13, 1986).</subfield></datafield><datafield ind1=" " ind2=" " tag="588"><subfield code="a">Latest issue consulted: 96th year, no. 259 (Oct. 31, 1988).</subfield></datafield><datafield ind1=" " ind2="0" tag="651"><subfield code="a">Punta Gorda (Fla.)</subfield><subfield code="v">Newspapers.</subfield></datafield><datafield ind1=" " ind2="0" tag="651"><subfield code="a">Port Charlotte (Fla.)</subfield><subfield code="v">Newspapers.</subfield></datafield><datafield ind1=" " ind2="0" tag="651"><subfield code="a">Charlotte County (Fla.)</subfield><subfield code="v">Newspapers.</subfield></datafield><datafield ind1=" " ind2="7" tag="655"><subfield code="a">Newspapers.</subfield><subfield code="2">fast</subfield><subfield code="0">(OCoLC)fst01423814</subfield></datafield><datafield ind1=" " ind2="7" tag="651"><subfield code="a">Florida</subfield><subfield code="z">Charlotte County.</subfield><subfield code="2">fast</subfield><subfield code="0">(OCoLC)fst01217561</subfield></datafield><datafield ind1=" " ind2="7" tag="651"><subfield code="a">Florida</subfield><subfield code="z">Port Charlotte.</subfield><subfield code="2">fast</subfield><subfield code="0">(OCoLC)fst01217541</subfield></datafield><datafield ind1=" " ind2="7" tag="651"><subfield code="a">Florida</subfield><subfield code="z">Punta Gorda.</subfield><subfield code="2">fast</subfield><subfield code="0">(OCoLC)fst01217542</subfield></datafield><datafield ind1=" " ind2=" " tag="752"><subfield code="a">United States</subfield><subfield code="b">Florida</subfield><subfield code="c">Charlotte</subfield><subfield code="d">Punta Gorda.</subfield></datafield><datafield ind1=" " ind2=" " tag="752"><subfield code="a">United States</subfield><subfield code="b">Florida</subfield><subfield code="c">Charlotte</subfield><subfield code="d">Port Charlotte.</subfield></datafield><datafield ind1="0" ind2="0" tag="780"><subfield code="t">Daily herald-news</subfield><subfield code="w">(DLC)sn 95047327</subfield><subfield code="w">(OCoLC)33600611</subfield></datafield><datafield ind1="0" ind2="7" tag="785"><subfield code="t">Charlotte sun (Charlotte Harbor, Fla. : 1987)</subfield><subfield code="x">0896-8861</subfield><subfield code="w">(DLC)sn 88000415</subfield><subfield code="w">(OCoLC)17315755</subfield></datafield><datafield ind1="0" ind2="7" tag="785"><subfield code="t">Charlotte sun and herald-news</subfield><subfield code="x">1042-8984</subfield><subfield code="w">(DLC)sn 89007385</subfield><subfield code="w">(OCoLC)19244534</subfield></datafield><datafield ind1=" " ind2=" " tag="850"><subfield code="a">FU</subfield></datafield></record>